% put bibtex entries here!

@Manual{stats,
  title = {{stats}: The R stats package},
  author = {R Core Team and contributors worldwide},
  year = {2020},
  note = {R package version 0.1.0},
  url = {https://stat.ethz.ch/R-manual/R-devel/library/stats/DESCRIPTION},
}

